% NOTE: Drasil with "software" type may not work for presentations!
@software{Drasil,
  title      = {Drasil},
  license    = {BSD-2-Clause},
  copyright  = {BSD-2-Clause},
  shorttitle = {Drasil},
  url        = {https://github.com/JacquesCarette/Drasil/tree/v0.1-alpha},
  version    = {v0.1-alpha},
  abstract   = {Generate All The Things! Drasil is a framework for generating all of the software artifacts for (well understood) research software, from the natural knowledge base of the domain.},
  publisher  = {Zenodo},
  author     = {Carette, Jacques and Smith, Spencer and Balaci, Jason and Wu, Ting-Yu and Crawford, Samuel and Chen, Dong and Szymczak, Dan and MacLachlan, Brooks and Scime, Dan and Niazi, Maryyam},
  month      = feb,
  year       = {2021},
  date       = {2021-02-09},
  doi        = {10.5281/ZENODO.4526445}
}

@misc{HuntEtAl2021,
  title        = {Drasil - {Generate} {All} the {Things}!},
  url          = {https://jacquescarette.github.io/Drasil/},
  urldate      = {2023-01-19},
  author       = {Hunt, Anthony and Michalski, Peter and Chen, Dong and Balaci, Jason and Smith, Spencer},
  collaborator = {Carette, Jacques},
  year         = {2021}
}

@misc{june_11_meeting,
  author       = {Spencer Smith and Jacques Carette},
  howpublished = {{Private Communication}},
  month        = jul,
  year         = {2023},
  address      = {Hamilton, ON, Canada},
  comment      = {We talked about my research thus far and discussed next steps.},
  institution  = {McMaster University}
}

@misc{classFamilyDisc,
  author = {Jacques Carette},
  month  = jul,
  year   = {2024},
  url    = {https://github.com/samm82/TestingTesting/issues/64#issuecomment-2217320875}
}

@misc{PotentialProjects,
  type         = {Wiki},
  title        = {Potential {Projects}},
  url          = {https://github.com/JacquesCarette/Drasil/wiki/Potential-Projects},
  urldate      = {2024-12-20},
  journal      = {JacquesCarette/Drasil Wiki},
  author       = {Smith, Spencer},
  collaborator = {Bosman, Brandon and Carette, Jacques and Balaci, Jason and Michalski, Peter and Crawford, Samuel J.},
  month        = jun,
  year         = {2024},
  file         = {Potential Projects Â· JacquesCarette/Drasil Wiki:C\:\\Users\\samcr\\Zotero\\storage\\IE2PQ8NM\\Potential-Projects.html:text/html}
}

@article{Shell2015a,
  title   = {How to {Use} the {IEEEtran} {LaTeX} {Class}},
  volume  = {14},
  number  = {8},
  journal = {Journal of LaTeX Class Files},
  author  = {Shell, Michael},
  month   = aug,
  year    = {2015}
}

@unpublished{Shell2015b,
  title  = {How to {Use} the {IEEEtran} {BibTex} {Style}},
  url    = {https://ctan.mirror.globo.tech/macros/latex/contrib/IEEEtran/bibtex/IEEEtran_bst_HOWTO.pdf},
  author = {Shell, Michael},
  month  = aug,
  year   = {2015}
}

% STD

    % editors hack for proper display
@inproceedings{NATO1969,
  address    = {Brussels, Belgium},
  title      = {Software {Engineering}: {Report} on a conference sponsored by the {NATO} {Science} {Committee}, {Garmisch}, {Germany}, 7th to 11th {October} 1968},
  shorttitle = {Software {Engineering}: {Report} on a conference sponsored by the {NATO} {Science} {Committee}},
  url        = {http://homepages.cs.ncl.ac.uk/brian.randell/NATO/nato1968.PDF},
  urldate    = {2024-12-20},
  publisher  = {Scientific Affairs Division, NATO},
  author     = {Naur, Peter and Randell, {Brian, editors}},
  month      = jan,
  year       = {1969}
}

@misc{McClure2001,
  title   = {Introduction},
  url     = {http://homepages.cs.ncl.ac.uk/brian.randell/NATO/Introduction.html},
  urldate = {2024-12-20},
  journal = {NATO Software Engineering Conferences},
  author  = {McClure, Robert M.},
  month   = jul,
  year    = {2001}
}

@article{IEEE2022,
  title   = {{ISO}/{IEC}/{IEEE} {International} {Standard} - {Systems} and software engineering --{Software} testing --{Part} 1: {General} concepts},
  doi     = {10.1109/IEEESTD.2022.9698145},
  journal = {ISO/IEC/IEEE 29119-1:2022(E)},
  author  = {{ISO/IEC} and {IEEE}},
  month   = jan,
  year    = {2022}
}

@article{IEEE2021a,
  title    = {{ISO}/{IEC}/{IEEE} {International} {Standard} - {Software} and systems engineering --{Software} testing --{Part} 2: {Test} processes},
  doi      = {10.1109/IEEESTD.2021.9591508},
  journal  = {ISO/IEC/IEEE 29119-2:2021(E)},
  author   = {{ISO/IEC} and {IEEE}},
  month    = oct,
  year     = {2021a},
  keywords = {Software testing, IEC Standards, IEEE Standards, ISO Standards, Software engineering, System analysis and design}
}

@article{IEEE2021b,
  title    = {{ISO}/{IEC}/{IEEE} {International} {Standard} - {Software} and systems engineering --{Software} testing --{Part} 3: {Test} documentation},
  doi      = {10.1109/IEEESTD.2021.9591577},
  journal  = {ISO/IEC/IEEE 29119-3:2021(E)},
  author   = {{ISO/IEC} and {IEEE}},
  month    = oct,
  year     = {2021b},
  keywords = {Software testing, IEC Standards, IEEE Standards, ISO Standards, Software engineering, System analysis and design}
}

@article{IEEE2021c,
  title    = {{ISO}/{IEC}/{IEEE} {International} {Standard} - {Software} and systems engineering --{Software} testing --{Part} 4: {Test} techniques},
  doi      = {10.1109/IEEESTD.2021.9591574},
  journal  = {ISO/IEC/IEEE 29119-4:2021(E)},
  author   = {{ISO/IEC} and {IEEE}},
  month    = oct,
  year     = {2021c},
  keywords = {Software testing, IEC Standards, IEEE Standards, ISO Standards, Software engineering, System analysis and design}
}

@article{IEEE2019a,
  title   = {{ISO}/{IEC}/{IEEE} {International} {Standard} - {Systems} and software engineering --{Systems} and software assurance --{Part} 1: {Concepts} and vocabulary},
  doi     = {10.1109/IEEESTD.2019.8657410},
  journal = {ISO/IEC/IEEE 15026-1:2019},
  author  = {{ISO/IEC} and {IEEE}},
  month   = mar,
  year    = {2019}
}

@article{IEEE2019b,
  title   = {{ISO}/{IEC}/{IEEE} {International} {Standard} - {Systems} and software engineering --{Guidelines} for the utilization of {ISO}/{IEC}/{IEEE} 15288 in the context of system of systems ({SoS})},
  doi     = {10.1109/IEEESTD.2019.8929110},
  urldate = {2024-04-01},
  journal = {ISO/IEC/IEEE 21840:2019},
  author  = {{ISO/IEC} and {IEEE}},
  month   = dec,
  year    = {2019}
}

@article{IEEE2017,
  title   = {{ISO}/{IEC}/{IEEE} {International} {Standard} - {Systems} and software engineering--{Vocabulary}},
  doi     = {10.1109/IEEESTD.2017.8016712},
  journal = {ISO/IEC/IEEE 24765:2017(E)},
  author  = {{ISO/IEC} and {IEEE}},
  month   = sep,
  year    = {2017}
}

@article{IEEE2016,
  title    = {{ISO}/{IEC}/{IEEE} {International} {Standard} - {Software} and systems engineering --{Software} testing --{Part} 5: {Keyword}-{Driven} {Testing}},
  doi      = {10.1109/IEEESTD.2016.7750539},
  journal  = {ISO/IEC/IEEE 29119-5:2016},
  author   = {{ISO/IEC} and {IEEE}},
  month    = nov,
  year     = {2016},
  keywords = {IEC Standards, IEEE Standards, ISO Standards, Software engineering}
}

@article{IEEE2015,
  title   = {{ISO}/{IEC}/{IEEE} {International} {Standard} - {Systems} and software engineering --{System} life cycle processes},
  doi     = {10.1109/IEEESTD.2015.7106435},
  journal = {ISO/IEC/IEEE 15288:2015},
  author  = {{ISO/IEC} and {IEEE}},
  month   = may,
  year    = {2015}
}

@article{IEEE2013,
  title   = {{ISO}/{IEC}/{IEEE} {International} {Standard} - {Systems} and software engineering --{Software} testing --{Part} 1: {General} concepts},
  doi     = {10.1109/IEEESTD.2013.6588537},
  journal = {ISO/IEC/IEEE 29119-1:2013},
  author  = {{ISO/IEC} and {IEEE}},
  month   = sep,
  year    = {2013}
}

@article{IEEE2012,
  title   = {{IEEE} {Standard} for {System} and {Software} {Verification} and {Validation}},
  doi     = {10.1109/IEEESTD.2012.6204026},
  journal = {IEEE Std 1012-2012 (Revision of IEEE Std 1012-2004)},
  author  = {{IEEE}},
  year    = {2012}
}

@article{IEEE2010,
  title   = {{ISO}/{IEC}/{IEEE} {International} {Standard} - {Systems} and software engineering--{Vocabulary}},
  doi     = {10.1109/IEEESTD.2010.5733835},
  journal = {ISO/IEC/IEEE 24765:2010(E)},
  author  = {{ISO/IEC} and {IEEE}},
  month   = dec,
  year    = {2010}
}

@article{ISO_IEC2023a,
  title   = {{ISO}/{IEC} 25010:2023 - {Systems} and software engineering --{Systems} and software {Quality} {Requirements} and {Evaluation} ({SQuaRE}) --{Product} quality model},
  url     = {https://www.iso.org/obp/ui/#iso:std:iso-iec:25010:ed-2:v1:en},
  journal = {ISO/IEC 25010:2023},
  author  = {{ISO/IEC}},
  month   = nov,
  year    = {2023}
}

@article{ISO_IEC2023b,
  title   = {{ISO}/{IEC} 25019:2023 - {Systems} and software engineering --{Systems} and software {Quality} {Requirements} and {Evaluation} ({SQuaRE}) --{Quality}-in-use model},
  url     = {https://www.iso.org/obp/ui/en/#iso:std:iso-iec:25019:ed-1:v1:en},
  journal = {ISO/IEC 25019:2023},
  author  = {{ISO/IEC}},
  month   = nov,
  year    = {2023}
}

@article{ISO_IEC2018,
  title   = {{ISO}/{IEC} {TS} 20540:2018 - {Information} technology -- {Security} techniques --{Testing} cryptographic modules in their operational environment},
  url     = {https://www.iso.org/obp/ui#iso:std:iso-iec:ts:20540:ed-1:v1:en},
  journal = {ISO/IEC TS 20540:2018},
  author  = {{ISO/IEC}},
  month   = may,
  year    = {2018}
}

@article{ISO_IEC2015,
  title   = {{ISO}/{IEC} 2382:2015 - {Information} technology --{Vocabulary}},
  url     = {https://www.iso.org/obp/ui/en/#iso:std:iso-iec:2382:ed-1:v2:en},
  journal = {ISO/IEC 2382:2015},
  author  = {{ISO/IEC}},
  month   = may,
  year    = {2015}
}

@article{ISO_IEC2014,
  title   = {{ISO}/{IEC} 25051:2014 - {Software} engineering --{Systems} and software {Quality} {Requirements} and {Evaluation} ({SQuaRE}) --{Requirements} for quality of {Ready} to {Use} {Software} {Product} ({RUSP}) and instructions for testing},
  url     = {https://www.iso.org/obp/ui/#iso:std:iso-iec:25051:ed-2:v1:en},
  journal = {ISO/IEC 25051:2014},
  author  = {{ISO/IEC}},
  month   = feb,
  year    = {2014}
}

@article{ISO_IEC2011,
  title   = {{ISO}/{IEC} 25010:2011 - {Systems} and software engineering --{Systems} and software {Quality} {Requirements} and {Evaluation} ({SQuaRE}) --{System} and software quality models},
  url     = {https://www.iso.org/obp/ui/#iso:std:iso-iec:25010:ed-1:v1:en},
  journal = {ISO/IEC 25010:2011},
  author  = {{ISO/IEC}},
  month   = mar,
  year    = {2011}
}

@article{ISO2022,
  title   = {{ISO} 28881:2022 - {Machine} tools --{Safety} --{Electrical} discharge machines},
  url     = {https://www.iso.org/obp/ui#iso:std:iso:28881:ed-2:v1:en},
  journal = {ISO 28881:2022},
  author  = {{ISO}},
  month   = apr,
  year    = {2022}
}

@article{ISO2021,
  title   = {{ISO} 21384-2:2021 - {Unmanned} aircraft systems --{Part} 2: {UAS} components},
  url     = {https://www.iso.org/obp/ui#iso:std:iso:21384:-2:ed-1:v1:en},
  journal = {ISO 21384-2:2021},
  author  = {{ISO}},
  month   = dec,
  year    = {2021}
}

@article{ISO2015,
  title   = {{ISO} 13849-1:2015 - {Safety} of machinery --{Safety}-related parts of control systems --{Part} 1: {General} principles for design},
  url     = {https://www.iso.org/obp/ui#iso:std:iso:13849:-1:ed-3:v1:en},
  journal = {ISO 13849-1:2015},
  author  = {{ISO}},
  month   = dec,
  year    = {2015}
}

% STD | META

@book{SWEBOK2014,
  address   = {Washington, DC, USA},
  title     = {Guide to the {Software} {Engineering} {Body} of {Knowledge}, {Version} 3.0},
  isbn      = {0-7695-5166-1},
  url       = {www.swebok.org},
  publisher = {IEEE Computer Society Press},
  editor    = {Bourque, Pierre and Fairley, Richard E.},
  year      = {2014}
}

@book{SWEBOK2024,
  title  = {Guide to the {Software} {Engineering} {Body} of {Knowledge}, {Version} 4.0},
  url    = {https://waseda.app.box.com/v/SWEBOK4-book},
  editor = {Washizaki, Hironori},
  month  = jan,
  year   = {2024}
}

@misc{AboutSWEBOK,
  title    = {Software {Engineering} {Body} of {Knowledge} ({SWEBOK})},
  url      = {https://www.computer.org/education/bodies-of-knowledge/software-engineering/},
  abstract = {A guide to the Software Engineering Body of Knowledge that provides a foundation for training materials and curriculum development.},
  language = {en-US},
  urldate  = {2025-02-03},
  journal  = {IEEE Computer Society},
  author   = {Washizaki, Hironori},
  month    = feb,
  year     = {2025}
}

@book{PMBOK2013,
  edition   = {5th},
  title     = {A {Guide} to the {Project} {Management} {Body} of {Knowledge}: {PMBOK}({R}) {Guide}},
  isbn      = {1-935589-67-9},
  publisher = {Project Management Institute},
  author    = {{Project Management Institute}},
  year      = {2013}
}

    % editors hack since editor field not supported with misc, in tandem with custom citation command
@misc{ISTQB,
  title   = {{ISTQB} {Glossary}, v4.3},
  url     = {https://glossary.istqb.org/en_US/search},
  urldate = {2024-04-11},
  journal = {ISTQB Glossary},
  author  = {Hamburg, Matthias and {Mogyorodi, editors}, Gary},
  year    = {2024}
}

@misc{ISTQB_author,
  title   = {{ISTQB} {Glossary}, v4.3},
  url     = {https://glossary.istqb.org/en_US/search},
  urldate = {2024-04-11},
  journal = {ISTQB Glossary},
  author  = {Hamburg, Matthias and Mogyorodi, Gary},
  year    = {2024}
}

@misc{ISTQB_poster,
  title   = {{ISTQB} {Glossary}, v4.3},
  url     = {https://glossary.istqb.org/en_US/search},
  urldate = {2024-04-11},
  journal = {ISTQB Glossary},
  author  = {Hamburg, Matthias and {Mogyorodi, eds.}, Gary},
  year    = {2024}
}

% Taxonomies/Ontologies

@article{UnterkalmsteinerEtAl2014,
  title    = {A {Taxonomy} for {Requirements} {Engineering} and {Software} {Test} {Alignment}},
  volume   = {23},
  issn     = {1049-331X, 1557-7392},
  url      = {http://arxiv.org/abs/2307.12477},
  doi      = {10.1145/2523088},
  number   = {2},
  urldate  = {2023-12-04},
  journal  = {ACM Transactions on Software Engineering and Methodology},
  author   = {Unterkalmsteiner, Michael and Feldt, Robert and Gorschek, Tony},
  month    = mar,
  year     = {2014},
  note     = {arXiv:2307.12477 [cs]},
  keywords = {Computer Science - Software Engineering},
  pages    = {1--38}
}

@inproceedings{EngstrÃ¶mAndPetersen2015,
  author    = {EngstrÃ¶m, Emelie and Petersen, Kai},
  booktitle = {2015 IEEE Eighth International Conference on Software Testing, Verification and Validation Workshops (ICSTW)},
  title     = {Mapping software testing practice with software testing research â SERP-test taxonomy},
  year      = {2015},
  volume    = {},
  number    = {},
  pages     = {1--4},
  doi       = {10.1109/ICSTW.2015.7107470}
}

@inproceedings{BarbosaEtAl2006,
  address = {San Francisco, CA, USA},
  title   = {Towards the {Establishment} of an {Ontology} of {Software} {Testing}},
  volume  = {6},
  author  = {Barbosa, Ellen Francine and Nakagawa, Elisa Yumi and Maldonado, JosÃ© Carlos},
  month   = jan,
  year    = {2006},
  pages   = {522--525}
}

@article{SouzaEtAl2017,
  title   = {{ROoST}: {Reference} {Ontology} on {Software} {Testing}},
  volume  = {12},
  doi     = {10.3233/AO-170177},
  journal = {Applied Ontology},
  author  = {Souza, Erica and Falbo, Ricardo and Vijaykumar, Nandamudi},
  month   = mar,
  year    = {2017},
  pages   = {1--32}
}

@article{BorgesAndBarbosa2009,
  author  = {Borges, Vanessa and Barbosa, Ellen},
  year    = {2009},
  month   = {01},
  journal = {SWEL},
  title   = {Using Ontologies for Modeling Educational Content}
}

@incollection{TebesEtAl2019,
  title  = {A {Systematic} {Review} on {Software} {Testing} {Ontologies}},
  isbn   = {978-3-030-29237-9},
  author = {Tebes, Guido and Peppino, Denis and Becker, Pablo and Matturro, Gerardo and Solari, MartÃ­n and Olsina, Luis},
  month  = aug,
  year   = {2019},
  doi    = {10.1007/978-3-030-29238-6_11},
  pages  = {144--160}
}

@inproceedings{TebesEtAl2020a,
  address  = {Curitiba, Brazil},
  title    = {{TestTDO}: {A} {Top}-{Domain} {Software} {Testing} {Ontology}},
  isbn     = {978-1-71381-853-3},
  language = {en},
  author   = {Tebes, Guido and Olsina, Luis and Peppino, Denis and Becker, Pablo},
  month    = may,
  year     = {2020},
  pages    = {364--377}
}

@misc{TebesEtAl2020b,
  title     = {{TestTDO}\_Terms\_definitions\_vFinal.pdf},
  url       = {https://drive.google.com/file/d/19TWHd50HF04K6PPyVixQzR6c7HjW2kED/view},
  urldate   = {2023-12-06},
  publisher = {Google Drive},
  author    = {Tebes, Guido and Olsina, Luis and Peppino, Denis and Becker, Pablo},
  month     = feb,
  year      = {2020}
}

@article{KuÄ¼eÅ¡ovsEtAl2013,
  title  = {Inventory of {Testing} {Ideas} and {Structuring} of {Testing} {Terms}},
  volume = {1},
  author = {KuÄ¼eÅ¡ovs, Ivans and Arnicane, Vineta and Arnicans, Guntis and Borzovs, Juris},
  month  = jan,
  year   = {2013},
  pages  = {210--227}
}

@misc{Firesmith2015,
  address  = {Pittsburgh, PA, USA},
  type     = {Webinar},
  title    = {A {Taxonomy} of {Testing} {Types}},
  url      = {https://apps.dtic.mil/sti/pdfs/AD1147163.pdf},
  language = {English},
  urldate  = {2024-06-01},
  author   = {Firesmith, Donald G.},
  year     = {2015}
}

% META | TEXT

@book{DennisEtAl2012,
  edition   = {5th},
  title     = {System {Analysis} and {Design}},
  isbn      = {978-1-118-05762-9},
  url       = {https://www.uoitc.edu.iq/images/documents/informatics-institute/Competitive_exam/Systemanalysisanddesign.pdf},
  publisher = {John Wiley \& Sons},
  author    = {Dennis, Alan and Wixom, Barbara Haley and Roth, Roberta M.},
  year      = {2012}
}

@book{Patton2006,
  address   = {Indianapolis, IN, USA},
  edition   = {2nd},
  title     = {Software {Testing}},
  isbn      = {0-672-32798-8},
  publisher = {Sams Publishing},
  author    = {Patton, Ron},
  year      = {2006}
}

@book{Perry2006,
  address   = {Indianapolis, IN, USA},
  edition   = {3rd},
  title     = {Effective {Methods} for {Software} {Testing}},
  isbn      = {978-0-7645-9837-1},
  publisher = {Wiley Publishing, Inc.},
  author    = {Perry, William E.},
  year      = {2006}
}

@book{PetersAndPedrycz2000,
  series    = {Worldwide series in computer science},
  title     = {Software {Engineering}: {An} {Engineering} {Approach}},
  isbn      = {978-0-471-18964-0},
  publisher = {John Wiley \& Sons, Ltd.},
  author    = {Peters, J.F. and Pedrycz, W.},
  year      = {2000}
}

@book{vanVliet2000,
  address   = {Chichester, England},
  edition   = {2nd},
  title     = {Software {Engineering}: {Principles} and {Practice}},
  isbn      = {0-471-97508-7},
  publisher = {John Wiley \& Sons, Ltd.},
  author    = {van Vliet, Hans},
  year      = {2000}
}

@book{FentonAndPfleeger1997,
  address   = {Boston, MA, USA},
  edition   = {2nd},
  title     = {Software {Metrics}: {A} {Rigorous} \& {Practical} {Approach}},
  isbn      = {0-534-95425-1},
  publisher = {PWS Publishing Company},
  author    = {Fenton, Norman E. and Pfleeger, Shari Lawrence},
  year      = {1997}
}

@book{KanerEtAl2011,
  title      = {Lessons {Learned} in {Software} {Testing}: {A} {Context}-{Driven} {Approach}},
  isbn       = {978-0-471-08112-8},
  shorttitle = {Lessons {Learned} in {Software} {Testing}},
  url        = {https://www.wiley.com/en-ca/Lessons+Learned+in+Software+Testing%3A+A+Context-Driven+Approach-p-9780471081128},
  urldate    = {2024-09-19},
  publisher  = {John Wiley \& Sons},
  author     = {Kaner, Cem and Bach, James and Pettichord, Bret},
  month      = dec,
  year       = {2011}
}

% TEXT | PAPER

@article{Myers1992,
  title   = {The complexity of software testing},
  volume  = {7},
  url     = {https://digitalcommons.trinity.edu/cgi/viewcontent.cgi?article=1011&context=compsci_faculty},
  doi     = {10.1049/sej.1992.0002},
  number  = {1},
  urldate = {2025-09-25},
  journal = {Software Engineering Journal},
  author  = {Myers, J. Paul},
  month   = jan,
  year    = {1992},
  note    = {Publisher: The Institution of Engineering and Technology},
  pages   = {13--24}
}

@book{Myers1976,
  address   = {New York, NY, USA},
  series    = {Business {Data} {Processing}: {A} {Wiley} {Series}},
  title     = {Software {Reliability}: {Principles} and {Practices}},
  volume    = {7},
  isbn      = {978-0-471-62765-4},
  url       = {https://books.google.ca/books?id=DXoyAAAAIAAJ},
  publisher = {Wiley},
  author    = {Myers, Glenford J.},
  year      = {1976},
  lccn      = {76022202}
}

@inproceedings{Reid1996,
  address   = {Washington, DC, USA},
  title     = {Popular {Misconceptions} in {Module} {Testing}},
  booktitle = {Proceeding of the 13 {International} {Conference} on {Testing} {Computer} {Software}},
  author    = {Reid, Stuart C.},
  year      = {1996}
}

@article{BarrEtAl2015,
  title   = {The {Oracle} {Problem} in {Software} {Testing}: {A} {Survey}},
  volume  = {41},
  doi     = {10.1109/TSE.2014.2372785},
  number  = {5},
  journal = {IEEE Transactions on Software Engineering},
  author  = {Barr, Earl T. and Harman, Mark and McMinn, Phil and Shahbaz, Muzammil and Yoo, Shin},
  year    = {2015},
  pages   = {507--525}
}

@article{BaresiAndPezzÃ¨2006,
  series   = {Proceedings of the {School} of {SegraVis} {Research} {Training} {Network} on {Foundations} of {Visual} {Modelling} {Techniques} ({FoVMT} 2004)},
  title    = {An {Introduction} to {Software} {Testing}},
  volume   = {148},
  issn     = {1571-0661},
  url      = {https://www.sciencedirect.com/science/article/pii/S1571066106000442},
  doi      = {10.1016/j.entcs.2005.12.014},
  number   = {1},
  urldate  = {2024-01-16},
  journal  = {Electronic Notes in Theoretical Computer Science},
  author   = {Baresi, Luciano and PezzÃ¨, Mauro},
  month    = feb,
  year     = {2006},
  keywords = {Functional Testing, Integration Testing, Model-based Testing, Software Quality, Software Testing, System and Acceptance Testing},
  pages    = {89--111}
}

@misc{Pan1999,
  title   = {Software {Testing}},
  url     = {http://users.ece.cmu.edu/~koopman/des_s99/sw_testing/},
  urldate = {2024-01-16},
  author  = {Pan, Jiantao},
  year    = {1999}
}

@book{AmmannAndOffutt2017,
  address   = {Cambridge, United Kingdom},
  edition   = {2nd},
  title     = {Introduction to {Software} {Testing}},
  isbn      = {978-1-107-17201-2},
  url       = {https://eopcw.com/find/downloadFiles/11},
  publisher = {Cambridge University Press},
  author    = {Ammann, Paul and Offutt, Jeff},
  year      = {2017}
}

% Approach-specific

@inproceedings{LahiriEtAl2013,
  address   = {New York, NY, USA},
  series    = {{ESEC}/{FSE} 2013},
  title     = {Differential {Assertion} {Checking}},
  isbn      = {978-1-4503-2237-9},
  url       = {https://dl.acm.org/doi/10.1145/2491411.2491452},
  doi       = {10.1145/2491411.2491452},
  urldate   = {2024-06-11},
  booktitle = {Proceedings of the 2013 9th {Joint} {Meeting} on {Foundations} of {Software} {Engineering}},
  publisher = {Association for Computing Machinery},
  author    = {Lahiri, Shuvendu K. and McMillan, Kenneth L. and Sharma, Rahul and Hawblitzel, Chris},
  month     = aug,
  year      = {2013},
  keywords  = {differential analysis, regressions, verification},
  pages     = {345--355}
}

@inproceedings{BerdineEtAl2006,
  address    = {Berlin, Heidelberg},
  title      = {Smallfoot: {Modular} {Automatic} {Assertion} {Checking} with {Separation} {Logic}},
  isbn       = {978-3-540-36750-5},
  shorttitle = {Smallfoot},
  doi        = {10.1007/11804192_6},
  language   = {en},
  booktitle  = {Formal {Methods} for {Components} and {Objects}},
  publisher  = {Springer},
  author     = {Berdine, Josh and Calcagno, Cristiano and O'Hearn, Peter W.},
  editor     = {de Boer, Frank S. and Bonsangue, Marcello M. and Graf, Susanne and de Roever, Willem-Paul},
  year       = {2006},
  keywords   = {Free List, Information Hiding, Separation Logic, Symbolic Execution, Tree Predicate},
  pages      = {115--137}
}

@inproceedings{ChalinEtAl2006,
  address    = {Berlin, Heidelberg},
  title      = {Beyond {Assertions}: {Advanced} {Specification} and {Verification} with {JML} and {ESC}/{Java2}},
  isbn       = {978-3-540-36750-5},
  shorttitle = {Beyond {Assertions}},
  doi        = {10.1007/11804192_16},
  language   = {en},
  booktitle  = {Formal {Methods} for {Components} and {Objects}},
  publisher  = {Springer},
  author     = {Chalin, Patrice and Kiniry, Joseph R. and Leavens, Gary T. and Poll, Erik},
  editor     = {de Boer, Frank S. and Bonsangue, Marcello M. and Graf, Susanne and de Roever, Willem-Paul},
  year       = {2006},
  keywords   = {Alarm Time, Behavioral Interface, Frame Property, Java Modeling Language, Method Contract},
  pages      = {342--363}
}

@inproceedings{DhokAndRamanathan2016,
  address   = {New York, NY, USA},
  series    = {{FSE} 2016},
  title     = {Directed {Test} {Generation} to {Detect} {Loop} {Inefficiencies}},
  isbn      = {978-1-4503-4218-6},
  url       = {https://dl.acm.org/doi/10.1145/2950290.2950360},
  doi       = {10.1145/2950290.2950360},
  urldate   = {2024-06-11},
  booktitle = {Proceedings of the 2016 24th {ACM} {SIGSOFT} {International} {Symposium} on {Foundations} of {Software} {Engineering}},
  publisher = {Association for Computing Machinery},
  author    = {Dhok, Monika and Ramanathan, Murali Krishna},
  month     = nov,
  year      = {2016},
  keywords  = {performance, redundant traversal bugs, testing},
  pages     = {895--907}
}

@inproceedings{GodefroidAndLuchaup2011,
  address   = {New York, NY, USA},
  series    = {{ISSTA} '11},
  title     = {Automatic {Partial} {Loop} {Summarization} in {Dynamic} {Test} {Generation}},
  isbn      = {978-1-4503-0562-4},
  url       = {https://dl.acm.org/doi/10.1145/2001420.2001424},
  doi       = {10.1145/2001420.2001424},
  urldate   = {2024-06-11},
  booktitle = {Proceedings of the 2011 {International} {Symposium} on {Software} {Testing} and {Analysis}},
  publisher = {Association for Computing Machinery},
  author    = {Godefroid, Patrice and Luchaup, Daniel},
  month     = jul,
  year      = {2011},
  keywords  = {loop invariant generation, program summarization, program testing and verification},
  pages     = {23--33}
}

@inproceedings{PreuÃeEtAl2012,
  address   = {Krakow, Poland},
  title     = {Closed-loop {System} {Modeling}, {Validation}, and {Verification}},
  isbn      = {978-1-4673-4736-5},
  url       = {https://ieeexplore.ieee.org/abstract/document/6489679},
  doi       = {10.1109/ETFA.2012.6489679},
  booktitle = {Proceedings of 2012 {IEEE} 17th {International} {Conference} on {Emerging} {Technologies} \& {Factory} {Automation} ({ETFA} 2012)},
  publisher = {IEEE},
  author    = {PreuÃe, Sebastian and Lapp, Hans-Christian and Hanisch, Hans-Michael},
  year      = {2012},
  pages     = {1--8}
}

@inproceedings{ForsythEtAl2004,
  address   = {Aachen, Germany},
  title     = {Real {Time} {Digital} {Simulation} for {Control} and {Protection} {System} {Testing}},
  volume    = {1},
  isbn      = {0-7803-8399-0},
  doi       = {10.1109/PESC.2004.1355765},
  booktitle = {2004 {IEEE} 35th {Annual} {Power} {Electronics} {Specialists} {Conference} ({IEEE} {Cat}. {No}.{04CH37551})},
  publisher = {IEEE},
  author    = {Forsyth, P. and Maguire, T. and Kuffel, R.},
  year      = {2004},
  keywords  = {System testing, Control system synthesis, Digital control, Digital simulation, Manufacturing, Power system control, Power system protection, Power system reliability, Power system simulation, Real time systems},
  pages     = {329--335}
}

@inproceedings{Moghadam2019,
  address   = {New York, NY, USA},
  series    = {{ESEC}/{FSE} 2019},
  title     = {Machine {Learning}-{Assisted} {Performance} {Testing}},
  isbn      = {978-1-4503-5572-8},
  url       = {https://doi.org/10.1145/3338906.3342484},
  doi       = {10.1145/3338906.3342484},
  urldate   = {2024-06-15},
  booktitle = {Proceedings of the 2019 27th {ACM} {Joint} {Meeting} on {European} {Software} {Engineering} {Conference} and {Symposium} on the {Foundations} of {Software} {Engineering}},
  publisher = {Association for Computing Machinery},
  author    = {Moghadam, Mahshid Helali},
  year      = {2019},
  keywords  = {Autonomous testing, Performance testing, Reinforcement learning, Stress testing, Test case generation},
  pages     = {1187--1189}
}

@article{DoÄanEtAl2014,
  title    = {Web application testing: {A} systematic literature review},
  volume   = {91},
  issn     = {0164-1212},
  url      = {https://www.sciencedirect.com/science/article/pii/S0164121214000223},
  doi      = {https://doi.org/10.1016/j.jss.2014.01.010},
  urldate  = {2024-06-15},
  journal  = {Journal of Systems and Software},
  author   = {DoÄan, Serdar and Betin-Can, Aysu and Garousi, Vahid},
  year     = {2014},
  keywords = {Systematic literature review, Testing, Web application},
  pages    = {174--201}
}

@techreport{Kam2008,
  address     = {Kingston, ON, Canada},
  type        = {Technical {Report}},
  title       = {Web {Applications} {Testing}},
  url         = {https://research.cs.queensu.ca/TechReports/Reports/2008-550.pdf},
  number      = {2008-550},
  urldate     = {2024-06-15},
  institution = {Queen's University},
  author      = {Kam, Ben},
  month       = oct,
  year        = {2008}
}

@inproceedings{ChoudharyEtAl2010,
  address   = {Timisoara, Romania},
  title     = {A {Cross}-browser {Web} {Application} {Testing} {Tool}},
  isbn      = {978-1-4244-8629-8},
  url       = {https://ieeexplore.ieee.org/abstract/document/5609728},
  doi       = {10.1109/ICSM.2010.5609728},
  urldate   = {2024-06-17},
  booktitle = {2010 {IEEE} {International} {Conference} on {Software} {Maintenance}},
  publisher = {IEEE},
  author    = {Choudhary, Shauvik Roy and Versee, Husayn and Orso, Alessandro},
  month     = sep,
  year      = {2010},
  note      = {ISSN: 1063-6773},
  keywords  = {Browsers, HTML, Rendering (computer graphics), Testing, Visualization, Web pages},
  pages     = {1--6}
}

@article{SneedAndGÃ¶schl2000,
  title   = {A {Case} {Study} of {Testing} a {Distributed} {Internet}-{System}},
  volume  = {1},
  url     = {https://www.researchgate.net/publication/220116945_Testing_software_for_Internet_application},
  doi     = {10.1002/1529-7950(200009)1:13.3.CO;2-#},
  urldate = {2024-06-17},
  journal = {Software Focus},
  author  = {Sneed, Harry and GÃ¶schl, Siegfried},
  month   = sep,
  year    = {2000},
  pages   = {15--22}
}

@inproceedings{BajammalAndMesbah2018,
  address   = {VÃ¤sterÃ¥s, Sweden},
  title     = {Web {Canvas} {Testing} {Through} {Visual} {Inference}},
  isbn      = {978-1-5386-5012-7},
  url       = {https://ieeexplore.ieee.org/stamp/stamp.jsp?tp=&arnumber=8367048},
  doi       = {10.1109/ICST.2018.00028},
  urldate   = {2024-06-18},
  booktitle = {2018 {IEEE} 11th {International} {Conference} on {Software} {Testing}, {Verification} and {Validation} ({ICST})},
  publisher = {IEEE},
  author    = {Bajammal, Mohammad and Mesbah, Ali},
  year      = {2018},
  keywords  = {Testing, Browsers, Visualization, DOM augmentation, DOM testing, image analysis, Image color analysis, Shape, Tools, web canvas elements, web testing},
  pages     = {193--203}
}

@article{KanewalaAndYuehChen2019,
  author  = {Kanewala, Upulee and Yueh Chen, Tsong},
  journal = {Computing in Science \& Engineering},
  title   = {Metamorphic Testing: A Simple Yet Effective Approach for Testing Scientific Software},
  year    = {2019},
  volume  = {21},
  number  = {1},
  pages   = {66--72},
  doi     = {10.1109/MCSE.2018.2875368}
}

@inproceedings{IntanaEtAl2020,
  title     = {{SYNTest}: {Prototype} of {Syntax} {Test} {Case} {Generation} {Tool}},
  isbn      = {978-1-72819-321-2},
  doi       = {10.1109/InCIT50588.2020.9310968},
  booktitle = {5th {International} {Conference} on {Information} {Technology} ({InCIT})},
  publisher = {IEEE},
  author    = {Intana, Adisak and Thongthep, Monchanok and Thepnimit, Phatcharee and Saethapan, Phaplak and Monpipat, Tanawat},
  year      = {2020},
  pages     = {259--264}
}

@misc{nelson_formal_1999,
  title   = {Formal {Computational} {Models} and {Computability}},
  url     = {https://www.cs.rochester.edu/u/nelson/courses/csc_173/computability/undecidable.html},
  urldate = {2023-10-18},
  journal = {University of Rochester},
  author  = {Nelson, Randal C.},
  month   = jan,
  year    = {1999}
}

@misc{gurfinkel_testing_2017,
  address = {University of Waterloo, ON, Canada},
  type    = {Lecture},
  title   = {Testing: {Coverage} and {Structural} {Coverage}},
  url     = {https://ece.uwaterloo.ca/~agurfink/ece653w17/assets/pdf/W03-Coverage.pdf},
  urldate = {2023-10-18},
  author  = {Gurfinkel, Arie},
  year    = {2017}
}

@book{GerrardAndThompson2002,
  address   = {Norwood, MA, USA},
  series    = {Artech {House} computing library},
  title     = {Risk-based {E}-business {Testing}},
  isbn      = {978-1-58053-570-0},
  url       = {https://books.google.ca/books?id=54UKereAdJ4C},
  publisher = {Artech House},
  author    = {Gerrard, Paul and Thompson, Neil},
  year      = {2002}
}

@techreport{Gerrard2000a,
  address     = {London, UK},
  title       = {Risk-based {E}-business {Testing} - {Part} 1: {Risks} and {Test} {Strategy}},
  url         = {https://www.agileconnection.com/sites/default/files/article/file/2013/XUS129342file1_0.pdf},
  institution = {Systeme Evolutif},
  author      = {Gerrard, Paul},
  year        = {2000}
}

@techreport{Gerrard2000b,
  address     = {London, UK},
  title       = {Risk-based {E}-business {Testing} - {Part} 2: {Test} {Techniques} and {Tools}},
  url         = {wenku.uml.com.cn/document/test/EBTestingPart2.pdf},
  urldate     = {2024-06-17},
  institution = {Systeme Evolutif},
  author      = {Gerrard, Paul},
  year        = {2000}
}

@book{SPICE2022,
  address   = {Reutlingen, Germany},
  edition   = {7th},
  title     = {KnÃ¼vener {Mackert} {SPICE} {Guide}},
  isbn      = {978-3-00-061926-7},
  url       = {https://knuevenermackert.com/wp-content/uploads/2021/06/SPICE-BOOKLET-2022-05.pdf},
  urldate   = {2024-05-25},
  publisher = {{KnÃ¼vener Mackert GmbH}},
  author    = {{KnÃ¼vener Mackert GmbH}},
  year      = {2022}
}

@article{SharmaEtAl2021,
  title   = {Decision {Making} {Approach} for {Ranking} of {Software} {Testing} {Techniques} {Using} {Euclidean} {Distance} {Based} {Approach}},
  volume  = {12},
  issn    = {0976-6499},
  url     = {https://iaeme.com/Home/issue/IJARET?Volume=12&Issue=2},
  doi     = {10.34218/IJARET.12.2.2021.059},
  number  = {2},
  urldate = {2024-06-18},
  journal = {International Journal of Advanced Research in Engineering and Technology},
  author  = {Sharma, Sheetal and Panwar, Kartika and Garg, Rakesh},
  month   = feb,
  year    = {2021},
  pages   = {599--608}
}

@article{SangwanAndLaPlante2006,
  title    = {Test-{Driven} {Development} in {Large} {Projects}},
  volume   = {8},
  issn     = {1941-045X},
  url      = {https://ieeexplore.ieee.org/stamp/stamp.jsp?tp=&arnumber=1717338},
  doi      = {10.1109/MITP.2006.122},
  number   = {5},
  urldate  = {2024-06-18},
  journal  = {IT Professional},
  author   = {Sangwan, Raghvinder S. and LaPlante, Phillip A.},
  month    = oct,
  year     = {2006},
  keywords = {Programming, System testing, automated testing, Automatic testing, Best practices, Buildings, Computer aided software engineering, Counting circuits, design testing, Large scale integration, Large-scale systems, TDD, Writing},
  pages    = {25--29}
}

@article{ZhouEtAl2012,
  title   = {Investigation of the {Risk} of {Electromagnetic} {Security} on {Computer} {Systems}},
  volume  = {4},
  url     = {http://ijcee.org/papers/457-JE504.pdf},
  number  = {1},
  urldate = {2024-06-12},
  journal = {International Journal of Computer and Electrical Engineering},
  author  = {Zhou, Changlin and Yu, Qun and Wang, Litao},
  month   = feb,
  year    = {2012},
  note    = {Publisher: IACSIT Press},
  pages   = {92}
}

@inproceedings{JardEtAl1999,
  address   = {Beijing, China},
  series    = {{IFIP} {Advances} in {Information} and {Communication} {Technology}},
  title     = {Remote testing can be as powerful as local testing},
  volume    = {28},
  isbn      = {978-0-387-35578-8},
  url       = {https://doi.org/10.1007/978-0-387-35578-8_2},
  language  = {en},
  urldate   = {2024-06-12},
  booktitle = {Formal {Methods} for {Protocol} {Engineering} and {Distributed} {Systems}: {Forte} {XII} / {PSTV} {XIX}'99},
  publisher = {Springer},
  author    = {Jard, Claude and JÃ©ron, Thierry and Tanguy, LÃ©naÃ¯ck and Viho, CÃ©sar},
  editor    = {Wu, Jianping and Chanson, Samuel T. and Gao, Qiang},
  month     = oct,
  year      = {1999},
  doi       = {10.1007/978-0-387-35578-8_2},
  keywords  = {Asynchronism, Conformance Testing, Local and Remote Testing, Stamp, Test Generation},
  pages     = {25--40}
}

@article{Mandl1985,
  title   = {Orthogonal {Latin} squares: an application of experiment design to compiler testing},
  volume  = {28},
  issn    = {0001-0782},
  url     = {https://doi.org/10.1145/4372.4375},
  doi     = {10.1145/4372.4375},
  number  = {10},
  journal = {Communications of the ACM},
  author  = {Mandl, Robert},
  editor  = {Sibley, Edgar H. and Denning, Peter J.},
  month   = oct,
  year    = {1985},
  pages   = {1054--1058}
}

@inproceedings{SakamotoEtAl2013,
  address   = {Berlin, Heidelberg},
  title     = {{POGen}: {A} {Test} {Code} {Generator} {Based} on {Template} {Variable} {Coverage} in {Gray}-{Box} {Integration} {Testing} for {Web} {Applications}},
  isbn      = {978-3-642-37057-1},
  url       = {https://link.springer.com/chapter/10.1007/978-3-642-37057-1_25},
  urldate   = {2024-07-11},
  booktitle = {Fundamental {Approaches} to {Software} {Engineering}},
  publisher = {Springer Berlin Heidelberg},
  author    = {Sakamoto, Kazunori and Tomohiro, Kaizu and Hamura, Daigo and Washizaki, Hironori and Fukazawa, Yoshiaki},
  editor    = {Cortellessa, Vittorio and VarrÃ³, DÃ¡niel},
  month     = mar,
  year      = {2013},
  pages     = {343--358}
}

@article{GhoshAndVoas1999,
  title   = {Inoculating software for survivability},
  volume  = {42},
  url     = {https://dl.acm.org/doi/pdf/10.1145/306549.306563},
  number  = {7},
  urldate = {2025-02-01},
  journal = {Communications of the ACM},
  author  = {Ghosh, Anup K and Voas, Jeffrey M},
  month   = jul,
  year    = {1999},
  note    = {Publisher: ACM New York, NY, USA},
  pages   = {38--44}
}

    % Less formal sources used to observe usage of terms in the state of practice

@inproceedings{BocchinoAndHamilton1996,
  address   = {San Diego, CA, USA},
  title     = {Eastern {Range} {Titan} {IV}/{Centaur}-{TDRSS} {Operational} {Compatibility} {Testing}},
  isbn      = {978-0-608-04247-3},
  url       = {https://repository.arizona.edu/bitstream/handle/10150/607608/ITC_1996_96-01-4.pdf?sequence=1&isAllowed=y},
  language  = {en},
  booktitle = {International {Telemetering} {Conference} {Proceedings}},
  publisher = {International Foundation for Telemetering},
  author    = {Bocchino, Chris and Hamilton, William},
  month     = oct,
  year      = {1996},
  lccn      = {66004573}
}

@misc{LambdaTest2024,
  type       = {Blog},
  title      = {What is {Operational} {Testing}: {Quick} {Guide} {With} {Examples}},
  shorttitle = {Operational {Testing} {Tutorial}},
  url        = {https://www.lambdatest.com/learning-hub/operational-testing},
  language   = {en-US},
  urldate    = {2024-02-11},
  author     = {{LambdaTest}},
  year       = {2024}
}

@inproceedings{Valcheva2013,
  address   = {Sofia, Bulgaria},
  title     = {Orthogonal {Arrays} and {Software} {Testing}},
  volume    = {200},
  isbn      = {978-954-644-586-5},
  url       = {https://icaictsee-2013.unwe.bg/proceedings/ICAICTSEE-2013.pdf},
  urldate   = {2024-07-10},
  booktitle = {3rd {International} {Conference} on {Application} of {Information} and {Communication} {Technology} and {Statistics} in {Economy} and {Education}},
  publisher = {University of National and World Economy},
  author    = {Valcheva, Petya},
  editor    = {Velev, Dimiter G.},
  month     = dec,
  year      = {2013},
  pages     = {467--473}
}

@misc{Pandey2023,
  type    = {Blog},
  title   = {Scalability vs {Elasticity}},
  url     = {https://www.linkedin.com/pulse/scalability-vs-elasticity-pranav-pandey/},
  urldate = {2024-07-19},
  journal = {LinkedIn},
  author  = {Pandey, Pranav},
  month   = feb,
  year    = {2023}
}

@phdthesis{Bas2024,
  address = {Praha-Suchdol, Czechia},
  type    = {Bachelor Thesis},
  title   = {Data {Backup} and {Archiving}},
  url     = {https://theses.cz/id/60licg/zaverecna_prace_Archive.pdf},
  urldate = {2024-07-19},
  school  = {Czech University of Life Sciences Prague},
  author  = {Bas, Mykola},
  month   = mar,
  year    = {2024}
}

@misc{Schoots2014,
  type     = {Blog},
  title    = {The {ISO29119} debate},
  url      = {https://www.huibschoots.nl/wordpress/?p=1800},
  language = {en-US},
  urldate  = {2025-09-09},
  journal  = {Magnifiant: exploring software testing},
  author   = {Schoots, Huib},
  month    = sep,
  year     = {2014}
}

@misc{Soundararajan2015,
  type     = {Blog},
  title    = {An open letter to the {President} of the {International} {Organization} for {Standardization} about {ISO} 29119},
  url      = {https://moolya.com/blog/testing-stories/an-open-letter-to-the-president-of-the-international-organization-for-standardization-about-iso-29119/},
  language = {en-US},
  urldate  = {2025-09-08},
  journal  = {Moolya Stories},
  author   = {Soundararajan, Pradeep},
  month    = dec,
  year     = {2015}
}

@misc{ISO_Priorities,
  title    = {{ISO} - {Priorities}},
  url      = {https://www.iso.org/strategy2030/priorities.html},
  language = {en},
  urldate  = {2025-09-09},
  journal  = {ISO - International Organization for Standardization},
  author   = {{ISO}}
}

    % "Unrelated" sources to define things outside the scope of software

@incollection{Johnson2014,
  title     = {Snowball {Sampling}: {Introduction}},
  isbn      = {978-1-118-44511-2},
  url       = {https://onlinelibrary.wiley.com/doi/abs/10.1002/9781118445112.stat05720},
  urldate   = {2024-08-03},
  booktitle = {Wiley {StatsRef}: {Statistics} {Reference} {Online}},
  publisher = {John Wiley \& Sons, Ltd},
  author    = {Johnson, Timothy P.},
  year      = {2014},
  doi       = {https://doi.org/10.1002/9781118445112.stat05720},
  note      = {\_eprint: https://onlinelibrary.wiley.com/doi/pdf/10.1002/9781118445112.stat05720}
}

@article{AhsanEtAl2020,
  title    = {Developing {Computational} {Intelligence} for {Smart} {Qualification} {Testing} of {Electronic} {Products}},
  volume   = {8},
  issn     = {2169-3536},
  url      = {https://www.webofscience.com/api/gateway?GWVersion=2&SrcAuth=DynamicDOIArticle&SrcApp=WOS&KeyAID=10.1109%2FACCESS.2020.2967858&DestApp=DOI&SrcAppSID=USW2EC0CB9ABcVz5BcZ70BCfIlmtJ&SrcJTitle=IEEE+ACCESS&DestDOIRegistrantName=Institute+of+Electrical+and+Electronics+Engineers},
  doi      = {10.1109/ACCESS.2020.2967858},
  language = {English},
  urldate  = {2024-05-27},
  journal  = {IEEE Access},
  author   = {Ahsan, Mominul and Stoyanov, Stoyan and Bailey, Chris and Albarbar, Alhussein},
  month    = jan,
  year     = {2020},
  note     = {Place: Piscataway},
  keywords = {CLASSIFICATION, data analysis, Data-driven prognostics, electronics manufacturing, machine learning, METHODOLOGY, modeling, PROGNOSTICS, qualification testing, quality},
  pages    = {16922--16933}
}

@article{ParateEtAl2021,
  title   = {Qualification {Testing}, {Evaluation} and {Test} {Methods} of {Gas} {Generator} for {IEDs} {Applications}},
  volume  = {71},
  url     = {https://publications.drdo.gov.in/ojs/index.php/dsj/article/view/16601},
  doi     = {10.14429/dsj.71.16601},
  number  = {4},
  journal = {Defence Science Journal},
  author  = {Parate, Bhupesh A. and Deodhar, K.D. and Dixit, V.K.},
  month   = jul,
  year    = {2021},
  pages   = {462--469}
}

@inproceedings{SuhirEtAl2013,
  title      = {Photovoltaic reliability engineering: quantification testing and probabilistic-design-reliability concept},
  volume     = {8825},
  shorttitle = {Photovoltaic reliability engineering},
  url        = {https://www.spiedigitallibrary.org/conference-proceedings-of-spie/8825/88250K/Photovoltaic-reliability-engineering--quantification-testing-and-probabilistic-design-reliability/10.1117/12.2030377.full},
  doi        = {10.1117/12.2030377},
  urldate    = {2024-05-27},
  booktitle  = {Reliability of {Photovoltaic} {Cells}, {Modules}, {Components}, and {Systems} {VI}},
  publisher  = {SPIE},
  author     = {Suhir, Ephraim and Bechou, Laurent and Bensoussan, Alain and Nicolics, Johann},
  month      = sep,
  year       = {2013},
  pages      = {125--138}
}

@article{Goralski1999,
  title    = {{xDSL} loop qualification and testing},
  volume   = {37},
  doi      = {10.1109/35.762860},
  number   = {5},
  journal  = {IEEE Communications Magazine},
  author   = {Goralski, W.},
  year     = {1999},
  keywords = {Bandwidth, Acceleration, Cable TV, Copper, IP networks, Personal communication networks, Qualifications, Testing, Web and internet services, Web pages},
  pages    = {79--83}
}

@article{MukhinEtAl2022,
  title    = {Radiation tolerance testing of piezoelectric motors for {ITER} (first results)},
  volume   = {176},
  issn     = {0920-3796},
  url      = {https://www.sciencedirect.com/science/article/pii/S0920379622000175},
  doi      = {https://doi.org/10.1016/j.fusengdes.2022.113017},
  number   = {article 113017},
  urldate  = {2024-06-23},
  journal  = {Fusion Engineering and Design},
  author   = {Mukhin, E. E. and Nelyubov, V. M. and Yukish, V. A. and Smirnova, E. P. and Solovei, V. A. and Kalinina, N. K. and Nagaitsev, V. G. and Valishin, M. F. and Belozerova, A. R. and Enin, S. A. and Borisov, A. A. and Deryabina, N. A. and Khripunov, V. I. and Portnov, D. V. and Babinov, N. A. and Dokhtarenko, D. V. and Khodunov, I. A. and Klimov, V. N. and Razdobarin, A. G. and Alexandrov, S. E. and Elets, D. I. and Bazhenov, A. N. and Bukreev, I. M. and Chernakov, An P. and Dmitriev, A. M. and Ibragimova, Y. G. and Koval, A. N. and Kurskiev, G. S. and Litvinov, A. E. and Nikolaenko, K. O. and Samsonov, D. S. and Senichenkov, V. A. and Smirnov, R. S. and Tolstyakov, S. Yu and Tereschenko, I. B. and Varshavchik, L. A. and Zhiltsov, N. S. and Mokeev, A. N. and Chernakov, P. V. and Andrew, P. and Kempenaars, M.},
  year     = {2022},
  keywords = {Irradiation test, ITER diagnostics, Piezoactuators, Piezoelectric ceramics, Polarization}
}

@article{ZhangEtAl2020,
  title   = {Radiation {Tolerance} {Testing} {Methodology} of {Robotic} {Manipulator} {Prior} to {Nuclear} {Waste} {Handling}},
  volume  = {7},
  issn    = {2296-9144},
  url     = {https://www.frontiersin.org/articles/10.3389/frobt.2020.00006},
  doi     = {10.3389/frobt.2020.00006},
  number  = {article 6},
  journal = {Frontiers in Robotics and AI},
  author  = {Zhang, Kaiqiang and Hutson, Chris and Knighton, James and Herrmann, Guido and Scott, Tom},
  month   = feb,
  year    = {2020}
}

@article{TunesEtAl2022,
  title    = {Accelerated radiation tolerance testing of {Ti}-based {MAX} phases},
  volume   = {30},
  issn     = {2468-6069},
  url      = {https://www.sciencedirect.com/science/article/pii/S2468606922002441},
  doi      = {https://doi.org/10.1016/j.mtener.2022.101186},
  number   = {article 101186},
  urldate  = {2024-06-23},
  journal  = {Materials Today Energy},
  author   = {Tunes, Matheus A. and Drewry, Sean M. and Arregui-Mena, Jose D. and Picak, Sezer and Greaves, Graeme and Cattini, Luigi B. and Pogatscher, Stefan and Valdez, James A. and Fensin, Saryu and El-Atwani, Osman and Donnelly, Stephen E. and Saleh, Tarik A. and Edmondson, Philip D.},
  month    = oct,
  year     = {2022},
  keywords = {Extreme environments, Ion irradiation, MAX phases, Neutron irradiation, Transmission electron microscopy}
}

@article{Dominguez-PumarEtAl2020,
  title    = {Open loop testing for optimizing the closed loop operation of chemical systems},
  volume   = {135},
  issn     = {0098-1354},
  url      = {https://www.sciencedirect.com/science/article/pii/S0098135419312736},
  doi      = {https://doi.org/10.1016/j.compchemeng.2020.106737},
  journal  = {Computers \& Chemical Engineering},
  author   = {Dominguez-Pumar, M. and Olm, J. M. and Kowalski, L. and Jimenez, V.},
  year     = {2020},
  keywords = {Chemical sensors, Sliding mode control, Surface potential},
  pages    = {106737}
}

@inproceedings{TrudnowskiEtAl2017,
  title     = {Initial closed-loop testing results for the pacific {DC} intertie wide area damping controller},
  doi       = {10.1109/PESGM.2017.8274724},
  booktitle = {2017 {IEEE} {Power} \& {Energy} {Society} {General} {Meeting}},
  author    = {Trudnowski, Daniel and Pierre, Brian and Wilches-Bernal, Felipe and Schoenwald, David and Elliott, Ryan and Neely, Jason and Byrne, Raymond and Kosterev, Dmitry},
  year      = {2017},
  keywords  = {Testing, Damping, HVDC modulation, Indexes, Power system oscillation control, Power systems, Transfer functions, Wide Area Measurement Systems},
  pages     = {1--5}
}

@inproceedings{PierreEtAl2017,
  title     = {Open-loop testing results for the pacific {DC} intertie wide area damping controller},
  doi       = {10.1109/PTC.2017.7980834},
  booktitle = {2017 {IEEE} {Manchester} {PowerTech}},
  author    = {Pierre, Brian J. and Wilches-Bernal, Felipe and Schoenwald, David A. and Elliott, Ryan T. and Neely, Jason C. and Byrne, Raymond H. and Trudnowski, Daniel J.},
  year      = {2017},
  keywords  = {Testing, Damping, HVDC modulation, control, Control systems, HVDC, inter-area oscillations, Load flow, oscillations, Oscillators, Pacific DC Intertie, PDCI, phasor measurement unit, Phasor measurement units, power system stability, Power system stability, Smart Grid, synchrophasor},
  pages     = {1--6}
}

@techreport{HolleyEtAl1996,
  address     = {San Jose, CA, USA},
  title       = {{NASA} {Rat} {Acoustic} {Tolerance} {Test} 1994-1995: 8 {kHz}, 16 {kHz}, 32 {kHz} {Experiments}},
  url         = {https://ntrs.nasa.gov/api/citations/19960047530/downloads/19960047530.pdf},
  number      = {NASA-CR-202117},
  urldate     = {2024-06-23},
  institution = {San Jose State University},
  author      = {Holley, Daniel C and Mele, Gary D and Naidu, Sujata},
  month       = jan,
  year        = {1996}
}

@techreport{MorgunEtAl1999,
  address     = {Houston, TX, USA},
  title       = {The {Russian}-{US} {Experience} with {Development} {Joint} {Medical} {Support} {Procedures} for {Before} and {After} {Long}-{Duration} {Space} {Flights}},
  url         = {https://ntrs.nasa.gov/api/citations/20000085877/downloads/20000085877.pdf},
  urldate     = {2024-06-23},
  institution = {NASA},
  author      = {Morgun, V. V. and Voronin, L. I. and Kaspransky, R. R. and Pool, S. L. and Barratt, M. R. and Novinkov, O. L.},
  year        = {1999}
}

@techreport{HoweAndJohnson1995,
  address     = {Brooks Air Force Base, TX, USA},
  type        = {Interim {Technical} {Report}},
  title       = {Research {Protocol} for the {Evaluation} of {Medical} {Waiver} {Requirements} for the {Use} of {Lisinopril} in {USAF} {Aircrew}},
  url         = {https://apps.dtic.mil/sti/tr/pdf/ADA303379.pdf},
  number      = {AL/AO-TR-1995-0116},
  urldate     = {2024-06-23},
  institution = {Air Force Materiel Command},
  author      = {Howe, R. Brian and Johnson, Robert},
  month       = nov,
  year        = {1995}
}

@article{LiuEtAl2023,
  title   = {Ultrafine {SnPd} nanoalloys promise high-efficiency electrocatalysis for ethanol oxidation and oxygen reduction},
  volume  = {6},
  url     = {https://pubs.acs.org/doi/pdf/10.1021/acsaem.2c03355?casa_token=ItHfKxeQNbsAAAAA:8zEdU5hi2HfHsSony3ku-lbH902jkHpA-JZw8jIeODzUvFtSdQRdbYhmVq47aX22igR52o2S22mnC88Mxw},
  doi     = {https://doi.org/10.1021/acsaem.2c03355},
  number  = {3},
  urldate = {2024-06-23},
  journal = {ACS Applied Energy Materials},
  author  = {Liu, Danye and Tian, Shaonan and Zhang, Yu and Hu, Chaoquan and Liu, Hui and Chen, Dong and Xu, Lin and Yang, Jun},
  month   = jan,
  year    = {2023},
  note    = {Publisher: ACS Publications},
  pages   = {1459--1466}
}

@misc{Bluejay2024,
  title   = {Slot {Machine} {PAR} {Sheets}},
  url     = {https://easy.vegas/games/slots/par-sheets},
  urldate = {2024-05-25},
  journal = {Easy Vegas},
  author  = {Bluejay, Michael},
  month   = may,
  year    = {2024}
}

@article{YuEtAl2011,
  title    = {Robust {Transmission} {Network} {Expansion} {Planning} {Method} {With} {Taguchi}'s {Orthogonal} {Array} {Testing}},
  volume   = {26},
  issn     = {0885-8950},
  url      = {https://ieeexplore.ieee.org/stamp/stamp.jsp?tp=&arnumber=5620950},
  doi      = {10.1109/TPWRS.2010.2082576},
  number   = {3},
  urldate  = {2024-07-10},
  journal  = {IEEE Transactions on Power Systems},
  author   = {Yu, Han and Chung, C. Y. and Wong, K. P.},
  month    = aug,
  year     = {2011},
  keywords = {Testing, Arrays, Optimization, Planning, Renewable energy resources, Robust design, Robustness, Taguchi's orthogonal array testing, transmission network expansion planning, uncertainty},
  pages    = {1573--1580}
}

@article{Tsui2007,
  title   = {An {Overview} of {Taguchi} {Method} and {Newly} {Developed} {Statistical} {Methods} for {Robust} {Design}},
  volume  = {24},
  url     = {https://doi.org/10.1080/07408179208964244},
  doi     = {10.1080/07408179208964244},
  number  = {5},
  urldate = {2024-07-10},
  journal = {IIE Transactions},
  author  = {Tsui, Kwok-Leung},
  month   = may,
  year    = {2007},
  note    = {Publisher: Taylor \& Francis},
  pages   = {44--57}
}

@book{WikiHaskell2023,
  title     = {Haskell/{Variables} and functions},
  url       = {https://en.wikibooks.org/wiki/Haskell/Variables_and_functions},
  language  = {en},
  urldate   = {2024-11-12},
  publisher = {Wikimedia Foundation},
  author    = {{Wikibooks Contributors}},
  month     = oct,
  year      = {2023}
}

@inproceedings{RusEtAl2008,
  address   = {San Francisco, CA, USA},
  title     = {Automatic {Clustering} of {Defect} {Reports}},
  isbn      = {1-891706-22-5},
  url       = {https://core.ac.uk/download/pdf/48606872.pdf},
  booktitle = {Proceedings of the {Twentieth} {International} {Conference} on {Software} {Engineering} \& {Knowledge} {Engineering} ({SEKE} 2008)},
  publisher = {Knowledge Systems Institute Graduate School},
  author    = {Rus, Vasile and Mohammed, Sameer and Shiva, Sajjan G},
  month     = jul,
  year      = {2008},
  pages     = {291--296}
}

@misc{WindySyns,
  title   = {Windy},
  url     = {https://www.merriam-webster.com/thesaurus/windy},
  urldate = {2025-04-02},
  journal = {Merriam-Webster.com Thesaurus},
  author  = {{Merriam-Webster}}
}

@misc{GustySyns,
  title   = {Gusty},
  url     = {https://www.merriam-webster.com/thesaurus/gusty},
  urldate = {2025-04-02},
  journal = {Merriam-Webster.com Thesaurus},
  author  = {{Merriam-Webster}}
}

@misc{GustDef,
  title   = {Gust},
  url     = {https://www.merriam-webster.com/dictionary/gust},
  urldate = {2025-04-02},
  journal = {Merriam-Webster.com Dictionary},
  author  = {{Merriam-Webster}}
}

@misc{ChatGPT2024,
  title   = {Defect {Clustering} {Testing}},
  url     = {https://chatgpt.com/share/67463dd1-d0a8-8012-937b-4a3db0824dcf},
  urldate = {2024-11-26},
  author  = {{ChatGPT (GPT-4o)}},
  month   = nov,
  year    = {2024}
}

@article{RunesonAndHÃ¶st2009,
  title   = {Guidelines for conducting and reporting case study research in software engineering},
  volume  = {14},
  url     = {https://link.springer.com/article/10.1007/s10664-008-9102-8},
  doi     = {https://doi.org/10.1007/s10664-008-9102-8},
  urldate = {2025-08-29},
  journal = {Empirical Software Engineering},
  author  = {Runeson, Per and HÃ¶st, Martin},
  month   = apr,
  year    = {2009},
  pages   = {131--164}
}

% Metaprogramming

@inproceedings{lilis_survey_2019,
  title     = {A {Survey} of {Metaprogramming} {Languages}},
  volume    = {52},
  doi       = {https://doi.org/10.1145/3354584},
  booktitle = {{ACM} {Computing} {Surveys}},
  publisher = {Association for Computing Machinery},
  author    = {Lilis, Yannis and Savidis, Anthony},
  month     = oct,
  year      = {2019},
  pages     = {113:1--40}
}

@inproceedings{czarnecki_overview_2004,
  address   = {Le Mont Saint Michel, France},
  series    = {Lecture {Notes} in {Computer} {Science}},
  title     = {Overview of {Generative} {Software} {Development}},
  doi       = {https://doi.org/10.1007/11527800},
  booktitle = {Unconventional {Programming} {Paradigms}},
  publisher = {Springer Berlin, Heidelberg},
  author    = {Czarnecki, Krzysztof},
  editor    = {BanÃ¢tre, Jean-Pierre and Fradet, Pascal and Giavitto, Jean-Louis and Michel, Olivier},
  month     = sep,
  year      = {2004},
  pages     = {326--341}
}

@inproceedings{smaragdakis_structured_2017,
  address   = {Cham},
  title     = {Structured {Program} {Generation} {Techniques}},
  isbn      = {978-3-319-60074-1},
  booktitle = {Grand {Timely} {Topics} in {Software} {Engineering}},
  publisher = {Springer International Publishing},
  author    = {Smaragdakis, Yannis and Biboudis, Aggelos and Fourtounis, George},
  editor    = {Cunha, JÃ¡come and Fernandes, JoÃ£o P. and LÃ¤mmel, Ralf and Saraiva, JoÃ£o and Zaytsev, Vadim},
  year      = {2017},
  pages     = {154--178}
}

@incollection{stuikys_taxonomy_2013,
  address   = {London},
  title     = {Taxonomy of {Fundamental} {Concepts} of {Meta}-{Programming}},
  isbn      = {978-1-4471-4126-6},
  url       = {https://doi.org/10.1007/978-1-4471-4126-6_2},
  abstract  = {Taxonomy is the science of classification according to a predetermined system. The Webster Online Dictionary defines taxonomy as:},
  booktitle = {Meta-{Programming} and {Model}-{Driven} {Meta}-{Program} {Development}: {Principles}, {Processes} and {Techniques}},
  publisher = {Springer London},
  author    = {Å tuikys, Vytautas and DamaÅ¡eviÄius, Robertas},
  year      = {2013},
  doi       = {10.1007/978-1-4471-4126-6_2},
  pages     = {17--29}
}
